% Encoding: UTF-8

@Book{haeckel2014,
  title     = {{Creating a Natural Resources Inventory: A Guide for Communities in the Hudson River Estuary Watershed}},
  publisher = {Department of Natural Resources, Cornell University, and the New York State Department of Environmental Conservation, Hudson River Estuary Program},
  year      = {2014},
  author    = {Haeckel, Ingrid and Heady, Laura},
  address   = {Ithaca, NY},
  isbn      = {978-0-692-34875-8},
}

%%%%% Historic and Cultural Resources %%%%%

@Misc{stonypointcenter,
  title        = {{Here Before Us}},
  howpublished = {Online},
  publisher    = {{Stony Point Center}},
  url          = {http://www.stonypointcenter.org/get-involved/latest-news/11-latest-news/293-here-before-us-indigenous-history-map-displayed-at-spc},
}

@misc{townofcornwall,
  title = {{History of the Town of Cornwall}},
  url = {http://www.cornwallny.com/About-Cornwall/History/History-of-Cornwall},
  note = {{Accessed July 2018}}
}

@Misc{envpioneering,
  title = {{Environmental Pioneering - Storm King}},
  note  = {{Accessed July 2018}},
  url   = {http://www.dec.ny.gov/lands/66618.html},
}

@Misc{moseronline,
  author       = {Moser, Emily},
  title        = {{Port Jervis Line}},
  howpublished = {Online},
  comment      = {Accessed July 2018},
  publisher    = {I Ride the Harlime Line},
  url          = {http://www.iridetheharlemline.com/tag/port-jervis-line/page/3/},
}

@Book{ruttenber1881,
  title     = {{History of Orange County, New York, With Illustrations and Biographical Sketches of Many of its Pioneers and Prominent Men}},
  publisher = {Philadelphia: Everts \& Peck},
  year      = {1881},
  editor    = {Rutthenber, E. M. and Clark, L. H.},
  url       = {https://archive.org/details/cu31924028832693},
}

@Book{booth1975,
  title     = {{A Short History of Orange County N.Y}},
  publisher = {Greentree publishing Corp.},
  year      = {1975},
  author    = {Booth, Malcolm A.},
  note      = {{Sponsored by The Orange County Chamber of Commerce, Inc.}},
  url       = {http://www.thewaldenhouse.org/LHD2010/A Short History of Orange County.pdf},
}

@Book{lifset2014,
  title     = {{Power on the Hudson: Storm King Mountain and the Emergence of Modern American Environmentalism}},
  publisher = {University of Pittsburgh Press},
  year      = {2014},
  author    = {Lifset, Robert D.},
  isbn      = {9780822963059},
  url       = {http://www.jstor.org/stable/j.ctt7zw8tw},
}

@Article{butzel2014,
  author  = {Butzel, Albert K.},
  title   = {{Storm King Revisited: A View From the Mountaintop}},
  journal = {Pace Environmental Law Review},
  year    = {2014},
  volume  = {31},
  number  = {1},
  url     = {https://digitalcommons.pace.edu/pelr/vol31/iss1/6},
}

%%%%% Habitats and Wildlife %%%%%
%% Areas ofKnown Importance %%
@misc{nysdosmoodna,
  title={{Coastal Fish and Wildlife Rating Form: Moodna Creek}},
  publisher={NYS Department of State},
  url={http://www.dos.ny.gov/opd/programs/consistency/Habitats/HudsonRiver/Moodna_Creek_FINAL.pdf},
  note = {{Accessed August 2018}}
}

@Misc{penhollow2006,
  author    = {Penhollow, M. E., Jensen P. G. and Zucker, L. A.},
  title     = {{Wildlife and Habitat Conservation Framework: An Approach for Conserving Biodiversity in the Hudson River Estuary Corridor}},
  year      = {2006},
  address   = {Ithaca, NY},
  publisher = {New York Cooperative Fish and Wildlife Research Unit, Cornell University and New York State Department of Environmental Conservation, Hudson River Estuary Program},
}

@Misc{edinger2014,
  title     = {{A revised and expanded edition of Carol Reschke's Ecological Communities of New York State. New York Natural Heritage Program}},
  address   = {Albany, NY},
  editor    = {Edinger, G. J., D. J. Evans S. Gebauer T. G. Howard D. M. Hunt and Olivero, A. M.},
  publisher = {{New York Natural Heritage Program, New York State Department of Environmental Conservation}},
}

@misc{noaadam,
  title={{Opening up the Hudson River for Migrating Fish, One Dam at a Time}},
  publisher={{NOAA Office of Response and Restoration}},
  url={http://www.response.restoration.noaa.gov/about/media/opening-hudson-river-migrating-fish-one-dam-time.html},
  note={{Accessed August 2018}}
}

@misc{audoboniba,
  title={{Important Bird Areas: New York}},
  publisher={{The Audobon Society}},
  url={http://www.audubon.org/important-bird-areas/state/new-york},
  note={{Accessed August 2018}}
}

@misc{brfcbirds,
  title={{Bird Species Checklist}},
  publisher={{Black Rock Forest Consortium}},
  url={http://www.blackrockforest.org/files/blackrock/content/brf_bird_checklist_current_for_web_0.pdf},
  note={{Accessed August 2018}}
}

%% Terrestrial Habitats %%

@Book{anderson2013,
  title     = {{Northeast Habitat Guides: A companion to the terrestrial and aquatic habitat maps}},
  publisher = {The Nature Conservancy, Eastern Conservation Science, Eastern Regional Office},
  year      = {2013},
  author    = {Anderson, M.G. M. Clark, C. E. Ferree A. Jospe A. Olivero Sheldon and Weaver, K. J.},
  address   = {Boston, MA},
  url       = {http://nature.ly/HabitatGuide},
}

@misc{tnchabitatmap,
  title={{Northeast Habitat Map}},
  author={{Conservation Gateway, The Nature Conservancy}},
  url={http://maps.tnc.org/nehabitatmap/},
  note={{Accessed August 2018}}
}

@misc{usfwsesa,
  title={{Endangered Species Permits: Habitat Conservation Plans (HCPs) and Incidental Take Permits}},
  author={{US Fish and Wildlife Service}},
  url={http://www.fws.gov/midwest/endangered/permits/hcp/index.html},
  note={{Accessed July 2018}}
}

@misc{usfwsspecies,
  title={{Listed species believed to or known to occur in New York}},
  author={{US Fish and Wildlife Service}},
  url={https://ecos.fws.gov/ecp0/reports/species-listed-by-state-report?state=NY&status=listed},
  note={{Accessed July 2018}}
}

%% Forests %%
@misc{bradfordcc,
  title={{Natural Resources Inventory: Bradford, New Hampshire}},
  author={{Bradford Conservation Commission}},
  url={http://www.bradfordnh.org/documents/BradfordNRI.pdf},
  note={{Accessed July 2018}}
}

@misc{ldeo,
  title={{Hudson Valley}},
  author={{Lamont-Doherty Earth Observatory, Columbia University Earth Institute}},
  url={http://www.ldeo.columbia.edu/tree-ring-laboratory/tree-ring-research/hudson-valley},
  note={{Accessed July 2018}}
}

@misc{nysdecforests,
  title={{Matrix Forest Blocks and Linkages}},
  publisher={NYSDEC},
  url={http://gis.ny.gov/gisdata/metadata/nysdec.MatrixForestBlocksAndLinkages_Meta.xml},
  note={{Accessed June 2018}}
}

%% Stream and Riparian Habitat %%

@Misc{esopus,
  title     = {{Esopus Creek News}},
  year      = {2007},
  address   = {Phoenicia, NY},
  editor    = {Jeremy Magliaro and Michael Courtney},
  issue     = {III},
  publisher = {Cornell University Cooperative Extension Ulster County},
  url       = {http://ashokanstreams.org/wp-content/uploads/2012/11/Esopus-Creek-News-2007-fall1.pdf},
  volume    = {II},
}


%% Tidal Wetland Habitat %%

@Misc{nysdectidal,
  author = {NYSDEC},
  title  = {{Tidal Wetland Habitats}},
  note   = {{Accessed June 2018}},
  url    = {http://www.dec.ny.gov/lands/87643.html},
}

@Misc{nysdecsav,
  author = {NYSDEC},
  title  = {{Submerged Aquatic Vegetation Habitats}},
  note   = {{Accessed June 2018}},
  url    = {http://www.dec.ny.gov/lands/87648.html},
}

@Misc{nysdecaquatic,
  author = {NYSDEC},
  title  = {{Aquatic Habitats of the Hudson River Estuary}},
  note   = {Accessed June 2018},
  url    = {http://www.dec.ny.gov/lands/87297.html},
}

%% Meadows, Grasslands and Shrublands

@Misc{unhextension,
  author = {{UNH Cooperative Extension}},
  title  = {{Grassland Habitats}},
  month  = feb,
  year   = {2018},
  note   = {{Accessed June 2018}},
  url    = {http://www.extension.unh.edu/resource/grassland-habitats},
}

@Misc{nygrasslands,
  author = {Audubon Society},
  title  = {New York Grassland Species},
  note   = {Accessed June 2018},
  url    = {http://www.ny.audubon.org/conservation/grasslands},
}

@Misc{nysdecbirds,
  author = {NYSDEC},
  title  = {{Protecting Grassland Birds on Private Lands: A Landowner Incentive Program Habitat Protection Project}},
  note   = {Accessed June 2018},
  url    = {http://www.dec.ny.gov/pubs/32891.html},
}

%%%%          Water Resources %%%%
%% Watersheds

@Misc{ocwa2010,
  author  = {Orange County Water Authority},
  title   = {{Moodna Creek Watershed Conservation and Management Plan}},
  year    = {2010},
  address = {Goshen, NY},
}
    
@misc{wallkillmontgomerynri,
    author={Town of Montgomery Conservation Advisory Council and Town of Wallkill Commission for Conservation of the Environment}, 
    title={{Natural Resources Inventory: Towns of Montgomery and Wallkill}},
    address={Orange County, NY},
    year={2010}
}

@Misc{rosendalenri,
  author  = {Town of Rosendale Environmental Commission},
  title   = {{Town of Rosendale Natural Resources Inventory}},
  year    = {2010},
  address = {Rosendale, NY},
}

@Misc{usepa2012,
  author = {United States Environmental Protection Agency},
  title  = {{The Economic Benefits of Protecting Healthy Watersheds: Factsheet}},
  note   = {April 2012},
  url    = {https://www.epa.gov/sites/production/files/2015-10/documents/economic_benefits_factsheet3.pdf},
}

@Misc{usepawatersheds,
  author = {United States Environmental Protection Agency},
  title  = {{Healthy Watersheds Protection: Benefits of Healthy Watersheds}},
  note   = {{Accessed August 2018}},
  url    = {https://www.epa.gov/hwp/benefits-healthy-watersheds},
}

@Misc{ocwahomepage,
  author = {{Orange County Water Authority}},
  note   = {Accessed August 2018},
  url    = {http://waterauthority.orangecountygov.com/index.html},
}

%%% Floodplains %%%

@Misc{hudfloodplain,
  author = {HUD Exchange, US Department of Housing and Urban Development},
  title  = {{Floodplain Management}},
  note   = {Accessed April 2018},
  url    = {https://www.hudexchange.info/environmental-review/floodplain-management/},
}

@Misc{nysdecfloodplain,
  author = {NYSDEC},
  title  = {{Floodplain Management}},
  note   = {Accessed April 2018},
  url    = {http://www.dec.ny.gov/lands/24267.html},
}

@Misc{USACEflood,
  author = {United States Army Corps of Engineers},
  title  = {{Flood Risk Management Program}},
  note   = {Accessed April 2018},
  url    = {https://www.iwr.usace.army.mil/Missions/Flood-Risk-Management/Flood-Risk-Management-Program/},
}

@Misc{usgsflood,
  author = {United States Geological Survey},
  title  = {{Floods: Recurrence Intervals and 100-Year Floods}},
  note   = {{Accessed April 2018}},
  url    = {https://water.usgs.gov/edu/100yearflood.html},
}

@Misc{femafloodzones,
  author = {Federal Emergency Management Agency},
  title  = {{Flood Zones}},
  note   = {Accessed August 2018},
  url    = {https://www.fema.gov/flood-zones},
}

@Misc{dara2017,
  author    = {Lind, Dara},
  title     = {{The {\textquotedblleft}500-year flood{\textquotedblright} explained: why Houston was so underprepared for Hurricane Harvey}},
  publisher = {Vox},
}

%% Wetlands

@Misc{aswmcarbon,
  author = {Association of State Wetland Managers},
  title  = {{Carbon Sequestration}},
  note   = {Accessed September 2018},
  url    = {https://www.aswm.org/wetland-science/wetlands-and-climate-change/carbon-sequestration},
}

@Misc{nysdecwetlands23,
  author = {New York State Department of Environmental Conservation, Division of Fish, Wildlife and Marine Resources},
  title  = {{Article 24, Freshwater Wetlands}},
  note   = {Title 23 of Article 71 of the Environmental Conservation Law, reprinted May 1997},
}

@Misc{usacerecwetlands,
  author = {United Stated Army Corps of Engineers},
  title  = {{Recognizing Wetlands}},
  year   = {1998},
}

@Misc{usacewetlandfunctions,
  author = {United Stated Environmental Protection Agency},
  title  = {{Functions and Values of Wetlands}},
  year   = {September 2001},
}

@Misc{epavernal,
  author = {United Stated Environmental Protection Agency},
  title  = {{Vernal Pools}},
  note   = {Accessed September 2018},
  url    = {https://www.epa.gov/wetlands/vernal-pools},
}

@Misc{usacewetlandsid,
  author       = {New York District, United Stated Army Corps of America},
  title        = {{Wetlands Identification}},
  howpublished = {Online},
  note         = {Accessed September 2018},
  institution  = {USACE},
  url          = {http://www.nan.usace.army.mil/Missions/Regulatory/Wetlands-Identification/},
}

%% climate

@Misc{climateresiliencetoolkit,
  author = {U.S. Federal Government},
  title  = {{U.S. Climate Resilience Toolkit Climate Explorer}},
  year   = {2019},
  url    = {https://climate-explorer2.nemac.org},
}

@Misc{heisig2015,
  author      = {Heisig, Paul M.},
  title       = {{Hydrogeology of the Ramapo River-Woodbury Creek valley-fill aquifer system and adjacent areas in eastern Orange County, New York}},
  year        = {2015},
  institution = {US Geological Survey},
}

@Book{pellant1992,
  title     = {Rocks and minerals},
  publisher = {Dorling Kindersley},
  year      = {1992},
  author    = {Pellant, C.},
  series    = {Eyewitness handbooks},
  isbn      = {9781564580337},
  lccn      = {91058222},
  url       = {https://books.google.com/books?id=PfdPAQAAIAAJ},
}

@Book{vandiver,
  title     = {{Roadside Geology of New York}},
  publisher = {Mountain Press Publishing Company},
  year      = {1985},
  author    = {VanDiver, B. B.},
  series    = {Roadside geology series},
  isbn      = {9780878421800},
  url       = {https://books.google.com/books?id=xxLwAAAAMAAJ},
}

@Article{poschlod2007,
  author  = {Poschlod, Peter and Meindl, Christina and Sliva, Jan and Herkommer, Udo and Jager, M. and Schuckert, Ulrike and Seemann, Andreas and Ullmann, Anja and Wallner, Teresa},
  title   = {{Natural revegetation and restoration of drained and cut-over raised bogs in southern Germany-a comparative analysis of four long-term monitoring studies}},
  journal = {GLOBAL ENVIRONMENTAL RESEARCH-ENGLISH EDITION-},
  year    = {2007},
  volume  = {11},
  number  = {2},
  pages   = {205},
}

@Book{rosenzweig2011climate,
  title     = {{Climate change and cities: First assessment report of the urban climate change research network}},
  publisher = {Cambridge University Press},
  year      = {2011},
  author    = {Rosenzweig, Cynthia and Solecki, William D. and Hammer, Stephen A. and Mehrotra, Shagun},
}

%Heisig, P.M., 2015, Hydrogeology of the Ramapo River-Woodbury Creek 
%valley-fill aquifer system and adjacent areas
%in eastern Orange County, New York: U.S. Geological Survey Scientific 
%Investigations Report 2014-5156, 23 p., 1 pl.,
%http://dx.doi.org/10.3133/sir20145156.


%%%% CLIMATE %%%%
@techreport{perlman1998water,
  title={Water science for schools},
  author={Perlman, Howard A},
  year={1998},
  institution={US Dept. of the Interior, Geological Survey, Water Resources Division},
  url={https://water.usgs.gov/edu/earthgwaquifer.html}
}

@misc{climateexplorer,
  author= {{U.S. Federal Government}},
  title = {{U.S. Climate Resilience Toolkit Climate Explorer}},
  year = {2018},
  url = {https://climate-explorer2.nemac.org},
  note = {{Accessed January 2018}}
}

@misc{climateimpactshealth,
  author = {{United States Environmental Protection Agency}},
  title = {{Climate Impacts on Human Health}},
  url = {https://19january2017snapshot.epa.gov/climate-impacts/climate-impacts-human-health_.html},
  note = {{Accessed January 2018}}
}

@misc{climatesmart,
  author = {{New York State Department of Environmental Conservation}},
  title = {{Climate Smart Communities Certification Actions}},
  url ={https://climatesmart.ny.gov/actions-certification/actions/},
  date={2018},
  note = {{Accessed January 2018}}
}

@misc{aircompare,
  author = {{AirCompare}},
  title = {{Compare Counties}},
  url ={https://www3.epa.gov/aircompare/#trends},
  note = {{Accessed January 2018}}
}

@misc{scorecard,
  author = {{Scorecard: The Pollution Information Site}},
  title = {{Criteria Air Pollutant Descriptions}},
  url ={http://scorecard.goodguide.com/env-releases/cap/pollutant-desc.tcl#EDF-213},
  note = {{Accessed January 2018}}
}

@Misc{nysag2014,
  author = {{Environmental Protection Bureau of the New York State Attorney General}},
  title  = {{Current \& Future Trends in Extreme Rainfall across New York State}},
  note   = {September 2014},
  url    = {https://ag.ny.gov/pdfs/Extreme_Precipitation_Report\%209\%202\%2014.pdf},
}

@Book{horton2014climate,
  title     = {{Climate Change in New York State: Updating the 2011 ClimAID Climate Risk Information}},
  publisher = {New York State Energy Research and Development Authority (NYSERDA)},
  year      = {2014},
  author    = {Horton, Radley M. and Bader, Daniel A. and Rosenzweig, Cynthia and DeGaetano, Arthur T. and Solecki, William},
  address   = {Albany, NY},
  url       = {https://ntrs.nasa.gov/search.jsp?R=20150002144 2018-09-22T18:38:04+00:00Z},
}

@misc{nyccsc,
  title={{Identify Problems}},
  institution={{New York Climate Change Science Clearinghouse}},
  url = {https://www.nyclimatescience.org/highlights/problems#downpours},
  note = {{Accessed January 2018}}
}

@misc{nyccscmapper,
  title={{Interactive Map and GIS Viewer}},
  institution={{New York Climate Change Science Clearinghouse}},
  url = {https://www.nyclimatescience.org/catalog/doc?DocId=vitroIndividual:http://www.nyclimatescience.org/individual/n7494},
  note = {{Accessed January 2018}}
}

@TechReport{melillo2014,
  title     = {{Climate Change Impacts in the United States: The Third National Climate Assessment}},
  year      = {2014},
  doi       = {10.7930/j0z31wj2},
  editor    = {J. M. Melillo and Terese (T. C.) Richmond and G. W. Yohe},
  publisher = {U.S. Global Change Research Program},
}

@booklet{mhredcstrategic,
  title={{Strategic Plan}},
  author={{Mid-Hudson Regional Economic Development Council}},
  url={https://regionalcouncils.ny.gov/sites/default/files/2018-05/2017ProgressReportMidHudson_0.pdf},
  year={2017}
}

@misc{cscresiliency2014,
  author={{New York State Climate Smart Communities}},
  title={{Climate Smart Resiliency Planning: A Planning Evaluation Tool for new York State Communities, Version 2.0}},
  url = {http://www.dec.ny.gov/docs/administration_pdf/csrptool.pdf},
  year={2014}
}
@misc{ocnysenvironmental,
  title={{Orange County, NY Environmental Health Statistics}},
  author={Healthgrove},
  url={http://environmental-health.healthgrove.com/l/1918/Orange-County-NY#Air\%20Pollution\&s=36oJBl},
  note={Accessed January 2018}
}

@misc{degaetano2011,
  author={DeGaetano, A. and Chatrchyan, A. and Wolfe, D. and Beem-Miller, J. and Chambliss, L. and Menniger, H.},
  title={{The Earth's Changing Climate}},
  series={{Climate Change Facts}},
  publisher={{Cornell University College of Agriculture and Life Sciences, Cornell Cooperative Extension}},
  note={September 2011}
 }

@Misc{Zemaitis2018,
  author      = {Zemaitis, Libby},
  title       = {{Working Toward Climate Resilience: General Climate Information Prepared for Hudson Valley Communities}},
  year        = {2018},
  address     = {New Paltz, NY},
  institution = {Hudson River Estuary Program/Cornell University, New York State Department of Environmental Conservation},
}

@Misc{nysdecstormking,
  author       = {New York State Department of Environmental Conservation},
  title        = {{Environmental Pioneering - Storm King Mountain}},
  howpublished = {Online},
  url          = {http://www.dec.ny.gov/lands/66618.html},
}

%% FOSSIL

@Misc{nysdecpilgrim,
  author       = {{New York State Department of Environmental Conservation}},
  title        = {{Pilgrim Pipeline Project - New York State Department of Environmental Conservation}},
  howpublished = {Online},
  url          = {https://www.dec.ny.gov/permits/105174.html},
}

@Comment{jabref-meta: databaseType:bibtex;}
